,
@acronym{yaml,
  short = YAML,
  long = YAML Ain't Markup Language,
}
@acronym{ligo,
  short = LIGO,
  long = Laser Interferometer Gravitational-Wave Observatory,
}
@acronym{gw,
  short = GW,
  long = Gravitational Wave,
}
@acronym{bh,
  short = BH,
  long = Black Hole,
}
@acronym{ns,
  short = NS,
  long = Neutron Star,
}
@acronym{bbh,
  short = BBH,
  long = Binary Black Hole,
}
@acronym{smbh,
  short = SMBH,
  long = Supermassive Black Hole,
}
@acronym{imri,
  short = IMRI,
  long = Intermediate Mass Ratio Inspiral,
}
@acronym{emri,
  short = EMRI,
  long = Extreme Mass Ratio Inspiral,
}
@acronym{bns,
  short = BNS,
  long = Binary Neutron Star,
}
@acronym{eob,
  short = EOB,
  long = Effective One-Body,
}
@acronym{pm,
  short = PM,
  long = Post-Minkowski,
}
@acronym{pn,
  short = PN,
  long = Post-Newtonian,
}
@acronym{gr,
  short = GR,
  long = General Relativity,
}
@acronym{sr,
  short = SR,
  long = Special Relativity,
}
@acronym{nr,
  short = NR,
  long = Numerical Relativity,
}
@acronym{nrgr,
  short = NRGR,
  long = Nonrelativistic General Relativity,
}
@acronym{eft,
  short = EFT,
  long = Effective Field Theory,
}
@acronym{qft,
  short = QFT,
  long = Quantum Field Theory,
}
@acronym{qm,
  short = QM,
  long = Quantum Mechanics,
}
@acronym{lisa,
  short = LISA,
  long = Laser Interferometer Space Antenna ,
}
@acronym{lhs,
  short = LHS,
  long = Left-Hand Side,
}
@acronym{rhs,
  short = RHS,
  long = Right-Hand Side,
}
@acronym{em,
  short = EM,
  long = Electromagnetism,
}
@acronym{efe,
  short = EFE,
  long = Einstein Field Equations,
}
@acronym{eom,
  short = EOM,
  long = Equation of Motion,
}
@acronym{lsz,
  short = LSZ,
  long = Lehmann Symanzik and Zimmermann,
}
@acronym{kmoc,
  short = KMOC,
  long = Kosower Maybee and O'Connell,
}
@acronym{sqed,
  short = SQED,
  long = Scalar Quantum Electrodynamics,
}
@acronym{qed,
  short = QED,
  long = Quantum Electrodynamics,
}
@acronym{qcd  ,
  short = QCD,
  long = Quantum Chromodynamics,
}
@acronym{gsf,
  short = GSF,
  long = Gravitational Self-Force,
}
@acronym{lhc,,
  short = LHC,,
  long = Large Hadron Collider,,
}
@acronym{lsco,,
  short = LSCO,,
  long = Last Stable Circular Orbit,,
}
@acronym{coma,
  short = COM,
  long = Center of Mass,
}
@acronym{com,
  short = COM,
  long = Center of Momentum,
}
@acronym{ibp,
  short = IBP,
  long = Integration by Parts,
}
@acronym{amr,
  short = AMR,
  long = Adaptive Mesh Refinement,
}
@acronym{gh,
  short = GH,
  long = Generalized Harmonic,
}
@acronym{nrqcd,
  short = NRQCD,
  long = Non-Relativistic Quantum Chromodynamics,
}
@acronym{lo,
  short = LO,
  long = Leading Order,
}
@acronym{nlo,
  short = NLO,
  long = Next-to-Leading Order,
}
@acronym{nnlo,
  short = NNLO,
  long = Next-to-Next-to-Leading Order,
}
@acronym{nnnlo  ,
  short = NNNLO,
  long = Next-to-Next-to-Next-to-Leading Order,
}
@acronym{nnnnlo,
  short = NNNNLO,
  long = Next-to-Next-to-Next-to-Next-to-Leading Order,
}
@acronym{pta,
  short = PTA,
  long = Pulsar Timing Array,
}
@acronym{toa,
  short = ToA,
  long = Time of Arrival,